@misc{TUG2017,
    author = {TUG},
    title = {{TeX Live}},
    url = {https://www.tug.org/texlive/},
    year = {2017}
}
@article{ammirante2016synchronizing,
  title={Synchronizing to auditory and tactile metronomes: a test of the auditory-motor enhancement hypothesis},
  author={Ammirante, Paolo and Patel, Aniruddh D and Russo, Frank A},
  journal={Psychonomic bulletin \& review},
  volume={23},
  number={6},
  pages={1882--1890},
  year={2016},
  publisher={Springer}
}